@book{swebok,
  author = "IEEE Computer Society",
  title = " Guide to the Software Engineering Body of Knowledge",
  year = "2014",
  chapter = "7"
}

\item Goal Question Metric Paradigm [Victor R. Basili, H. Dieter Rombach]
\item Metrics and Models in Software Quality Engineering [Stephen H. Kan]

@article{gqm,
  author = "Victor R. Basili, H. Dieter Rombach",
  title = "Goal Question Metric Paradigm",
  year = "1994",
  URL = "https://www.cs.umd.edu/~basili/publications/technical/T89.pdf"
}
http://www.softex.br/wp-content/uploads/2013/07/MPS.BR_Guia_Geral_Software_2012-c-ISBN-1.pdf

@article{mps,
  author = "SOFTEX",
  title = "MPS.BR - Melhoria de Processo do Software Brasileiro",
  year = "2012",
  URL = "http://www.softex.br/wp-content/uploads/2013/07/MPS.BR_Guia_Geral_Software_2012-c-ISBN-1.pdf"
}

@book{kan,
  author = "Stephen H. Kan",
  title = "Metrics and Models in Software Quality Engineering",
  year = "2002",
}
